% Encoding: UTF-8

% Private OpenStack cloud deployment thesis

@phdthesis{amslaurea29330,
           title = {Deployment di un cloud privato basato su OpenStack},
        keywords = {OpenStack,cloud,Terraform,Juju,MAAS,cloud provider,private cloud,Infrastructure as Code},
            year = {2017},
             url = {https://amslaurea.unibo.it/id/eprint/29330/},
          author = {Bambini, Matteo}
}

@manual{nginx-ingress-controller,
  title        = {Nginx Ingress Controller per Kubernetes},
  author       = {{Nginx Inc.}},
  organization = {NGINX},
  year         = {2024},
  url          = {https://kubernetes.github.io/ingress-nginx/},
  note         = {Documentazione ufficiale del controller Ingress Nginx},
  urldate      = {2025-06-24}
}

@manual{kubernetes,
  title        = {Kubernetes: Sistema open-source per l'automazione del deployment, scaling e gestione di container},
  author       = {{The Kubernetes Authors}},
  organization = {Cloud Native Computing Foundation},
  year         = {2024},
  url          = {https://kubernetes.io/it/},
  urldate      = {2025-06-24}
}

@manual{metallb,
  title        = {MetalLB: implementazione di un Load Balancer per cluster Kubernetes su bare-metal},
  author       = {{The MetalLB Authors}},
  organization = {Cloud Native Computing Foundation},
  year         = {2024},
  url          = {https://metallb.io/},
  urldate      = {2025-06-24}
}

@inproceedings{chiappini2025vdc,
  author    = {Chiappini, S. and Cacciaguerra, S.},
  title     = {The Concept of Virtual Data Center: Scalable Online Environments for Data Science},
  booktitle = {EMSO Strategic Workshop 2025},
  year      = {2025},
  month     = mar,
  address   = {Italy},
  note      = {11--13 March 2025}
}

@inproceedings{cacciaguerra2024iac,
  author    = {Cacciaguerra, S. and Chiappini, S.},
  title     = {IaC: Dynamic Resource Allocation within VDC},
  booktitle = {WORKSHOP GARR Net Makers 2024},
  year      = {2024},
  month     = nov,
  address   = {Italy},
  note      = {5--7 November 2024}
}

@inproceedings{cacciaguerra2024vdc,
  author    = {Cacciaguerra, S. and Chiappini, S.},
  title     = {Virtual Data Center: A Platform for Enabling Data Scientists to Access Integrated and Scalable Online Environments},
  booktitle = {EGI2024 Conference},
  year      = {2024},
  month     = sep,
  address   = {Europe},
  note      = {30 September--4 October 2024}
}

@inproceedings{cacciaguerra2023vdc,
  author    = {Cacciaguerra, S. and Chiappini, S.},
  title     = {Virtual Data Centers: Fueling Data Science with OpenStack},
  booktitle = {WORKSHOP GARR Net Makers 2023},
  year      = {2023},
  month     = oct,
  address   = {Italy},
  note      = {8--10 October 2023}
}

@inproceedings{chiappini2022datacenter,
  author    = {Chiappini, S. and Cacciaguerra, S.},
  title     = {Data Center INGV per EMSO e Federazione Cloud con GARR},
  booktitle = {WORKSHOP GARR Net Makers 2022},
  year      = {2022},
  month     = oct,
  address   = {Italy},
  note      = {26--28 October 2022}
}

@Comment{jabref-meta: databaseType:biblatex;}
